<?xml version="1.0" encoding="UTF-8"?>
<collection xmlns:xsi="http://www.w3.org/2001/XMLSchema-instance" xsi:schemaLocation="http://www.loc.gov/MARC21/slim http://www.loc.gov/standards/marcxml/schema/MARC21slim.xsd" xmlns="http://www.loc.gov/MARC21/slim">
<record>
  <leader>00702cam a2200229 u 4500</leader>
  <controlfield tag="001">642616</controlfield>
  <controlfield tag="003">NNC</controlfield>
  <controlfield tag="005">20100307231543.0</controlfield>
  <controlfield tag="008">880420q19031904ua |||||||||||||||||ara||</controlfield>
  <datafield tag="035" ind1=" " ind2=" ">
    <subfield code="a">(OCoLC)506883248</subfield>
  </datafield>
  <datafield tag="035" ind1=" " ind2=" ">
    <subfield code="a">(OCoLC)ocn506883248</subfield>
  </datafield>
  <datafield tag="035" ind1=" " ind2=" ">
    <subfield code="a">(CStRLIN)NYCG88-B28343</subfield>
  </datafield>
  <datafield tag="035" ind1=" " ind2=" ">
    <subfield code="9">ACU9426CU</subfield>
  </datafield>
  <datafield tag="035" ind1=" " ind2=" ">
    <subfield code="a">(NNC)642616</subfield>
  </datafield>
  <datafield tag="100" ind1=" " ind2=" ">
    <subfield code="a">Shurunbulālī, Ḥassan ibn ʻAmmār,</subfield>
    <subfield code="d">d. 1658.</subfield>
  </datafield>
  <datafield tag="240" ind1=" " ind2="0">
    <subfield code="a">Maraqi al-falah sharh mur al-idah.</subfield>
  </datafield>
  <datafield tag="245" ind1="1" ind2="0">
    <subfield code="a">Kitab marāqī al- falāḥ sharḥ nūr al-īḍāḥ.</subfield>
  </datafield>
  <datafield tag="260" ind1=" " ind2=" ">
    <subfield code="a">Misr :</subfield>
    <subfield code="b">al-Matbaʻah al-ʻAmirah,</subfield>
    <subfield code="c">1321h [i.e. 1903 or 04]</subfield>
  </datafield>
  <datafield tag="300" ind1=" " ind2=" ">
    <subfield code="a">124 p.</subfield>
  </datafield>
  <datafield tag="650" ind1=" " ind2="0">
    <subfield code="a">Islamic law.</subfield>
  </datafield>
  <datafield tag="650" ind1=" " ind2="0">
    <subfield code="a">Hanafis.</subfield>
  </datafield>
  <datafield tag="740" ind1="0" ind2="1">
    <subfield code="a">Matn nūr al-īḍāḥ.</subfield>
  </datafield>
  <datafield tag="955" ind1=" " ind2=" ">
    <subfield code="b">CU59573791</subfield>
    <subfield code="d">off,glx</subfield>
    <subfield code="e">ME06273</subfield>
  </datafield>
</record>
</collection>